@online{canvas,
    title = {Canvas by Instructure},
    url = {https://canvas.instructure.com}
}

@online{microsoft,
    title = {Microsoft Teams},
    url = {https://www.microsoft.com/microsoft-teams/group-chat-software}
}

@online{react,
    title = {reactjs.org},
    url = {https://reactjs.org/tutorial/tutorial.html}
}

@online{express,
    title = {expressjs.org},
    url = {https://expressjs.com/en/5x/api.html}
}

@online{node,
    title = {nodejs.org},
    url = {https://nodejs.org/en/docs}
}

@online{gitlab,
    title = {docs.gitlab.com},
    url = {https://docs.gitlab.com/ee/user/}
}

@online{mongo,
    title = {MongoDB DOcumantation},
    url = {https://www.mongodb.com/docs/}
}